{
  "lastUpdated": "2026-02-24 13:12",
  "currency": "RON",
  "dataSource": "Klaviyo API (aggregate)",
  "note": "Campaign report may be partial if API was throttled",
  "summary": {
    "totalRevenue": 166425.2,
    "flowRevenue": 41994.15,
    "campaignRevenue": 124431.05,
    "totalSends": 3796373,
    "activeFlows": 15,
    "sentCampaigns": 127,
    "flowsWithData": 14,
    "campaignsWithData": 107
  },
  "monthlyTrend": [
    {
      "month": "Ian 2025",
      "sends": 146783,
      "revenue": 365632.75,
      "campaigns": 15
    },
    {
      "month": "Feb 2025",
      "sends": 145367,
      "revenue": 292922.52,
      "campaigns": 19
    },
    {
      "month": "Mar 2025",
      "sends": 34993,
      "revenue": 302171.87,
      "campaigns": 2
    },
    {
      "month": "Apr 2025",
      "sends": 180644,
      "revenue": 291723.04,
      "campaigns": 5
    },
    {
      "month": "Mai 2025",
      "sends": 166446,
      "revenue": 251465.65,
      "campaigns": 5
    },
    {
      "month": "Iun 2025",
      "sends": 167540,
      "revenue": 241031.94,
      "campaigns": 6
    },
    {
      "month": "Iul 2025",
      "sends": 272656,
      "revenue": 224239.9,
      "campaigns": 5
    },
    {
      "month": "Aug 2025",
      "sends": 206940,
      "revenue": 157650.12,
      "campaigns": 5
    },
    {
      "month": "Sep 2025",
      "sends": 298726,
      "revenue": 163366.24,
      "campaigns": 11
    },
    {
      "month": "Oct 2025",
      "sends": 615926,
      "revenue": 163577.27,
      "campaigns": 14
    },
    {
      "month": "Nov 2025",
      "sends": 1267194,
      "revenue": 146887.99,
      "campaigns": 26
    },
    {
      "month": "Dec 2025",
      "sends": 258993,
      "revenue": 127362.22,
      "campaigns": 6
    },
    {
      "month": "Ian 2026",
      "sends": 240627,
      "revenue": 130993.44,
      "campaigns": 4
    },
    {
      "month": "Feb 2026",
      "sends": 73009,
      "revenue": 90546.21,
      "campaigns": 4
    }
  ],
  "flows": [
    {
      "id": "XcNYFy",
      "name": "Reccurent order",
      "status": "LIVE",
      "triggerType": "Metric",
      "sends": 1537,
      "opens": 1315,
      "clicks": 237,
      "openRate": 85.6,
      "clickRate": 15.4,
      "revenue": 24903.9,
      "rpe": 16.2,
      "performanceRating": "excellent"
    },
    {
      "id": "Sc8w8n",
      "name": "Welcome flow (abonare)",
      "status": "LIVE",
      "triggerType": "Added to List",
      "sends": 885,
      "opens": 988,
      "clicks": 245,
      "openRate": 111.6,
      "clickRate": 27.7,
      "revenue": 13155.94,
      "rpe": 14.87,
      "performanceRating": "excellent"
    },
    {
      "id": "RP9A5P",
      "name": "Abandonare cos",
      "status": "LIVE",
      "triggerType": "Metric",
      "sends": 441,
      "opens": 145,
      "clicks": 28,
      "openRate": 32.9,
      "clickRate": 6.3,
      "revenue": 1146.6,
      "rpe": 2.6,
      "performanceRating": "good"
    },
    {
      "id": "RHmnQx",
      "name": "Client nou (prima comanda)",
      "status": "LIVE",
      "triggerType": "Metric",
      "sends": 5432,
      "opens": 2489,
      "clicks": 88,
      "openRate": 45.8,
      "clickRate": 1.6,
      "revenue": 932.96,
      "rpe": 0.17,
      "performanceRating": "acceptable"
    },
    {
      "id": "TZ8RFq",
      "name": "After first order",
      "status": "LIVE",
      "triggerType": "Metric",
      "sends": 2451,
      "opens": 1499,
      "clicks": 23,
      "openRate": 61.2,
      "clickRate": 0.9,
      "revenue": 796.15,
      "rpe": 0.32,
      "performanceRating": "acceptable"
    },
    {
      "id": "VxsJDd",
      "name": "Flow completare chestionar",
      "status": "LIVE",
      "triggerType": "Metric",
      "sends": 5240,
      "opens": 2294,
      "clicks": 469,
      "openRate": 43.8,
      "clickRate": 9.0,
      "revenue": 779.0,
      "rpe": 0.15,
      "performanceRating": "acceptable"
    },
    {
      "id": "SMNePC",
      "name": "Referral paid",
      "status": "LIVE",
      "triggerType": "Metric",
      "sends": 61,
      "opens": 95,
      "clicks": 14,
      "openRate": 155.7,
      "clickRate": 23.0,
      "revenue": 279.6,
      "rpe": 4.58,
      "performanceRating": "excellent"
    },
    {
      "id": "SW5VSk",
      "name": "Doctor Registration - Reject",
      "status": "LIVE",
      "triggerType": "Metric",
      "sends": 2,
      "opens": 2,
      "clicks": 0,
      "openRate": 100.0,
      "clickRate": 0.0,
      "revenue": 0.0,
      "rpe": 0.0,
      "performanceRating": "acceptable"
    },
    {
      "id": "SbYmy5",
      "name": "Referral order",
      "status": "LIVE",
      "triggerType": "Metric",
      "sends": 34,
      "opens": 59,
      "clicks": 18,
      "openRate": 173.5,
      "clickRate": 52.9,
      "revenue": 0.0,
      "rpe": 0.0,
      "performanceRating": "acceptable"
    },
    {
      "id": "StXnDs",
      "name": "Flow testimonial",
      "status": "LIVE",
      "triggerType": "Metric",
      "sends": 4,
      "opens": 2,
      "clicks": 0,
      "openRate": 50.0,
      "clickRate": 0.0,
      "revenue": 0.0,
      "rpe": 0.0,
      "performanceRating": "acceptable"
    },
    {
      "id": "T4gzxu",
      "name": "Customer Winback",
      "status": "LIVE",
      "triggerType": "Metric",
      "sends": 0,
      "opens": 0,
      "clicks": 0,
      "openRate": 0,
      "clickRate": 0,
      "revenue": 0.0,
      "rpe": 0,
      "performanceRating": "no_data"
    },
    {
      "id": "UMqMLs",
      "name": "Doctor - recommendation generated",
      "status": "LIVE",
      "triggerType": "Metric",
      "sends": 11,
      "opens": 11,
      "clicks": 6,
      "openRate": 100.0,
      "clickRate": 54.5,
      "revenue": 0.0,
      "rpe": 0.0,
      "performanceRating": "acceptable"
    },
    {
      "id": "X6pffM",
      "name": "Doctor Registration - Pending Approval",
      "status": "LIVE",
      "triggerType": "Metric",
      "sends": 13,
      "opens": 8,
      "clicks": 0,
      "openRate": 61.5,
      "clickRate": 0.0,
      "revenue": 0.0,
      "rpe": 0.0,
      "performanceRating": "acceptable"
    },
    {
      "id": "XrNwCJ",
      "name": "Personalized Report Email",
      "status": "LIVE",
      "triggerType": "Metric",
      "sends": 7,
      "opens": 15,
      "clicks": 2,
      "openRate": 214.3,
      "clickRate": 28.6,
      "revenue": 0.0,
      "rpe": 0.0,
      "performanceRating": "acceptable"
    },
    {
      "id": "YtrAZR",
      "name": "Doctor Registration - Approved",
      "status": "LIVE",
      "triggerType": "Metric",
      "sends": 10,
      "opens": 6,
      "clicks": 0,
      "openRate": 60.0,
      "clickRate": 0.0,
      "revenue": 0.0,
      "rpe": 0.0,
      "performanceRating": "acceptable"
    }
  ],
  "campaigns": [
    {
      "id": "01KJ2FWSM0KJEG5MCK1VEP5P62",
      "name": "#educational#recuperareraceala",
      "sentDate": "2026-02-24",
      "sends": 0,
      "opens": 0,
      "clicks": 0,
      "openRate": 0,
      "clickRate": 0,
      "revenue": 0.0,
      "rpe": 0,
      "performanceRating": "acceptable"
    },
    {
      "id": "01KHX04WJ3SSEJ83WCWPMW0C8A",
      "name": "#discount#pretspecial nmn (fup)",
      "sentDate": "2026-02-20",
      "sends": 0,
      "opens": 0,
      "clicks": 0,
      "openRate": 0,
      "clickRate": 0,
      "revenue": 0.0,
      "rpe": 0,
      "performanceRating": "acceptable"
    },
    {
      "id": "01KHKD556GSHTXE59Q6APYA901",
      "name": "#discount#35%longevitate",
      "sentDate": "2026-02-19",
      "sends": 0,
      "opens": 0,
      "clicks": 0,
      "openRate": 0,
      "clickRate": 0,
      "revenue": 0.0,
      "rpe": 0,
      "performanceRating": "acceptable"
    },
    {
      "id": "01KHKWRQHR7AJ4VEG00RY20G04",
      "name": "#discount#pretspecial nmn",
      "sentDate": "2026-02-17",
      "sends": 0,
      "opens": 0,
      "clicks": 0,
      "openRate": 0,
      "clickRate": 0,
      "revenue": 0.0,
      "rpe": 0,
      "performanceRating": "acceptable"
    },
    {
      "id": "01KFZGPBWRPP0F3JB1RGEEWKEJ",
      "name": "difrnt. - Info pastile longevitate - 30 ian",
      "sentDate": "2026-01-30",
      "sends": 63768,
      "opens": 11370,
      "clicks": 125,
      "openRate": 17.8,
      "clickRate": 0.2,
      "revenue": 1619.03,
      "rpe": 0.03,
      "performanceRating": "acceptable"
    },
    {
      "id": "01KG2DV1JW1R3DTY3NHH09NZ94",
      "name": "difrnt. - Reducere Pachet AntiStres - 29 ian",
      "sentDate": "2026-01-29",
      "sends": 63883,
      "opens": 14749,
      "clicks": 176,
      "openRate": 23.1,
      "clickRate": 0.3,
      "revenue": 507.65,
      "rpe": 0.01,
      "performanceRating": "acceptable"
    },
    {
      "id": "01KFDQ54X2SXSS1BF2RN1D4F6H",
      "name": "difrnt. - Saptamana Longevitatii -30% - 21 ian",
      "sentDate": "2026-01-21",
      "sends": 64067,
      "opens": 15520,
      "clicks": 274,
      "openRate": 24.2,
      "clickRate": 0.4,
      "revenue": 4219.37,
      "rpe": 0.07,
      "performanceRating": "acceptable"
    },
    {
      "id": "01KD372ZZQNXHHGEE3Z28DA3YJ",
      "name": "difrnt. - 游꾸 Primele 10 comenzi de protocoale pe 6 luni primesc beneficii cadou - 2 ian",
      "sentDate": "2026-01-02",
      "sends": 64105,
      "opens": 15201,
      "clicks": 125,
      "openRate": 23.7,
      "clickRate": 0.2,
      "revenue": 594.45,
      "rpe": 0.01,
      "performanceRating": "acceptable"
    },
    {
      "id": "01KD36DSKSW2TMHRFCJGP5J5XK",
      "name": "difrnt. - S캒rb캒tori fericite - 24 decembrie",
      "sentDate": "2025-12-24",
      "sends": 64263,
      "opens": 15063,
      "clicks": 34,
      "openRate": 23.4,
      "clickRate": 0.1,
      "revenue": 0.0,
      "rpe": 0.0,
      "performanceRating": "acceptable"
    },
    {
      "id": "01KC6HT4GYZSMCGP513VRH6FNA",
      "name": "difrnt. - Ultima 탳ans캒 pentru livrare 칥nainte de Cr캒ciun.",
      "sentDate": "2025-12-19",
      "sends": 64371,
      "opens": 15394,
      "clicks": 56,
      "openRate": 23.9,
      "clickRate": 0.1,
      "revenue": 467.4,
      "rpe": 0.01,
      "performanceRating": "acceptable"
    },
    {
      "id": "01KC439PWXHPXPZ7CKKNSSHV9H",
      "name": "difrnt. -  Cel mai frumos cadou? Longevitatea. Acum ai -28% la toate produsele - 4 Dec.2025",
      "sentDate": "2025-12-11",
      "sends": 64507,
      "opens": 14843,
      "clicks": 170,
      "openRate": 23.0,
      "clickRate": 0.3,
      "revenue": 2943.91,
      "rpe": 0.05,
      "performanceRating": "acceptable"
    },
    {
      "id": "01KBZ87923YSCCG6HRJ98KHYYA",
      "name": "Clone Link Webinar - 8 dec - 2",
      "sentDate": "2025-12-08",
      "sends": 2,
      "opens": 4,
      "clicks": 0,
      "openRate": 200.0,
      "clickRate": 0.0,
      "revenue": 0.0,
      "rpe": 0.0,
      "performanceRating": "acceptable"
    },
    {
      "id": "01KBYZ80GDM3J0ZQM7X9PZQ2CT",
      "name": "Link Webinar - 8 dec.",
      "sentDate": "2025-12-08",
      "sends": 85,
      "opens": 74,
      "clicks": 2,
      "openRate": 87.1,
      "clickRate": 2.4,
      "revenue": 0.0,
      "rpe": 0.0,
      "performanceRating": "acceptable"
    },
    {
      "id": "01KBJGGEQ1HWD369DTMNC5MKCE",
      "name": "difrnt. - Sfatul medicului pentru aceast캒 iarn캒. 칉탵i oferim cadou reducere de p칙n캒 la 28% - 4 Dec.2025",
      "sentDate": "2025-12-04",
      "sends": 64968,
      "opens": 15673,
      "clicks": 127,
      "openRate": 24.1,
      "clickRate": 0.2,
      "revenue": 547.8,
      "rpe": 0.01,
      "performanceRating": "acceptable"
    },
    {
      "id": "01KB5FDBMARHWPPQHEGJJYDEXN",
      "name": "Mesaj 7 de confirmare Webinar gratuit: Cum 칥ncetinim 칥mb캒tr칙nirea?",
      "sentDate": "2025-11-28",
      "sends": 3,
      "opens": 4,
      "clicks": 0,
      "openRate": 133.3,
      "clickRate": 0.0,
      "revenue": 0.0,
      "rpe": 0.0,
      "performanceRating": "acceptable"
    },
    {
      "id": "01KB2Z1R1G2H2Z1956YK4MVYJ8",
      "name": "Mesaj 6 de confirmare Webinar gratuit: Cum 칥ncetinim 칥mb캒tr칙nirea?",
      "sentDate": "2025-11-27",
      "sends": 5,
      "opens": 3,
      "clicks": 0,
      "openRate": 60.0,
      "clickRate": 0.0,
      "revenue": 0.0,
      "rpe": 0.0,
      "performanceRating": "acceptable"
    },
    {
      "id": "01KAZWZRQW1P8TYJMQAJDH7EH2",
      "name": "difrnt. - Cum te ajut캒 suplimentele pentru longevitate - 27 Noiembrie 2025",
      "sentDate": "2025-11-27",
      "sends": 65714,
      "opens": 15904,
      "clicks": 162,
      "openRate": 24.2,
      "clickRate": 0.2,
      "revenue": 1515.99,
      "rpe": 0.02,
      "performanceRating": "acceptable"
    },
    {
      "id": "01KB09HQR7PQQD6KKH7S1QZZZW",
      "name": "Mesaj 5 de confirmare Webinar gratuit: Cum 칥ncetinim 칥mb캒tr칙nirea?",
      "sentDate": "2025-11-26",
      "sends": 10,
      "opens": 12,
      "clicks": 0,
      "openRate": 120.0,
      "clickRate": 0.0,
      "revenue": 0.0,
      "rpe": 0.0,
      "performanceRating": "acceptable"
    },
    {
      "id": "01KAYBM7KKB83ZN2DFRG9XS7SR",
      "name": "Clone Mesaj 4 de confirmare Webinar gratuit: Cum 칥ncetinim 칥mb캒tr칙nirea?",
      "sentDate": "2025-11-25",
      "sends": 16,
      "opens": 25,
      "clicks": 0,
      "openRate": 156.2,
      "clickRate": 0.0,
      "revenue": 0.0,
      "rpe": 0.0,
      "performanceRating": "acceptable"
    },
    {
      "id": "01KAXHSKWV4XKDVGJRXF61N7QR",
      "name": "Mesaj 3 de confirmare Webinar gratuit: Cum 칥ncetinim 칥mb캒tr칙nirea?",
      "sentDate": "2025-11-25",
      "sends": 40,
      "opens": 39,
      "clicks": 0,
      "openRate": 97.5,
      "clickRate": 0.0,
      "revenue": 0.0,
      "rpe": 0.0,
      "performanceRating": "acceptable"
    },
    {
      "id": "01KAS14V2CCDW7E2NPYRXP3TGQ",
      "name": "Webinar gratuit: Cum 칥ncetinim 칥mb캒tr칙nirea?",
      "sentDate": "2025-11-25",
      "sends": 65953,
      "opens": 17173,
      "clicks": 160,
      "openRate": 26.0,
      "clickRate": 0.2,
      "revenue": 315.15,
      "rpe": 0.0,
      "performanceRating": "acceptable"
    },
    {
      "id": "01KAX2FBVBZ08E1WJN3GBWVMC7",
      "name": "Mesaj 2 de confirmare Webinar gratuit: Cum 칥ncetinim 칥mb캒tr칙nirea?",
      "sentDate": "2025-11-25",
      "sends": 1,
      "opens": 1,
      "clicks": 0,
      "openRate": 100.0,
      "clickRate": 0.0,
      "revenue": 0.0,
      "rpe": 0.0,
      "performanceRating": "acceptable"
    },
    {
      "id": "01KATR824P91WP9M7105NM6BQC",
      "name": "Mesaj de confirmare Webinar gratuit: Cum 칥ncetinim 칥mb캒tr칙nirea?",
      "sentDate": "2025-11-24",
      "sends": 2,
      "opens": 0,
      "clicks": 0,
      "openRate": 0.0,
      "clickRate": 0.0,
      "revenue": 0.0,
      "rpe": 0.0,
      "performanceRating": "acceptable"
    },
    {
      "id": "01KAGBK12ZT5X8EARF7DRP9ETC",
      "name": "difrnt. - Black Friday Ultima Zi - 20 Noiembrie 2025",
      "sentDate": "2025-11-20",
      "sends": 66088,
      "opens": 15798,
      "clicks": 153,
      "openRate": 23.9,
      "clickRate": 0.2,
      "revenue": 337.38,
      "rpe": 0.01,
      "performanceRating": "acceptable"
    },
    {
      "id": "01KABR2VWJ27KY69W7KWYR68DW",
      "name": "difrnt. - Black Friday - 19 Noiembrie 2025",
      "sentDate": "2025-11-19",
      "sends": 66188,
      "opens": 15836,
      "clicks": 100,
      "openRate": 23.9,
      "clickRate": 0.2,
      "revenue": 1835.35,
      "rpe": 0.03,
      "performanceRating": "acceptable"
    },
    {
      "id": "01KA8MXR17Q3GNK4Y78KFTEVYS",
      "name": "difrnt. - Black Friday - 17 Noiembrie 2025",
      "sentDate": "2025-11-18",
      "sends": 66286,
      "opens": 16221,
      "clicks": 163,
      "openRate": 24.5,
      "clickRate": 0.2,
      "revenue": 1940.43,
      "rpe": 0.03,
      "performanceRating": "acceptable"
    },
    {
      "id": "01KA11WXK3CJS0BF9R2H7YVGRA",
      "name": "difrnt. - Black Friday - 16 Noiembrie 2025",
      "sentDate": "2025-11-16",
      "sends": 66412,
      "opens": 15807,
      "clicks": 128,
      "openRate": 23.8,
      "clickRate": 0.2,
      "revenue": 1147.4,
      "rpe": 0.02,
      "performanceRating": "acceptable"
    },
    {
      "id": "01KA10QGS42A2DMH9W3C8Q1Y10",
      "name": "difrnt. - Black Friday - 15 Noiembrie 2025",
      "sentDate": "2025-11-15",
      "sends": 66517,
      "opens": 15702,
      "clicks": 192,
      "openRate": 23.6,
      "clickRate": 0.3,
      "revenue": 636.84,
      "rpe": 0.01,
      "performanceRating": "acceptable"
    },
    {
      "id": "01KA0Z49M0WRWF28EB7CSHH81K",
      "name": "difrnt. - Black Friday - 14 Noiembrie 2025",
      "sentDate": "2025-11-14",
      "sends": 66624,
      "opens": 16513,
      "clicks": 471,
      "openRate": 24.8,
      "clickRate": 0.7,
      "revenue": 693.22,
      "rpe": 0.01,
      "performanceRating": "acceptable"
    },
    {
      "id": "01K9Y4QE7RKAKF85ZN6JJC6RE2",
      "name": "difrnt. - Black Friday - 13 Noiembrie 2025",
      "sentDate": "2025-11-13",
      "sends": 66724,
      "opens": 16092,
      "clicks": 117,
      "openRate": 24.1,
      "clickRate": 0.2,
      "revenue": 1348.97,
      "rpe": 0.02,
      "performanceRating": "acceptable"
    },
    {
      "id": "01K9VMHHZKCESRMVMW4AZJ2NG8",
      "name": "difrnt. - Black Friday - 12 Noiembrie 2025",
      "sentDate": "2025-11-12",
      "sends": 66837,
      "opens": 16637,
      "clicks": 118,
      "openRate": 24.9,
      "clickRate": 0.2,
      "revenue": 929.42,
      "rpe": 0.01,
      "performanceRating": "acceptable"
    },
    {
      "id": "01K9FG0RP1VK8BE3V0R69RP3V4",
      "name": "difrnt. - Black Friday - 11 Noiembrie 2025",
      "sentDate": "2025-11-11",
      "sends": 66906,
      "opens": 16696,
      "clicks": 228,
      "openRate": 25.0,
      "clickRate": 0.3,
      "revenue": 0.0,
      "rpe": 0.0,
      "performanceRating": "acceptable"
    },
    {
      "id": "01K9FENZXY7J9D8WZS2RNDM9YP",
      "name": "difrnt. - Black Friday - 08 Noiembrie 2025",
      "sentDate": "2025-11-08",
      "sends": 67052,
      "opens": 15920,
      "clicks": 103,
      "openRate": 23.7,
      "clickRate": 0.2,
      "revenue": 3149.13,
      "rpe": 0.05,
      "performanceRating": "acceptable"
    },
    {
      "id": "01K9EMWBXEGN86JN8E8PSSF687",
      "name": "difrnt. - Black Friday - 07 Noiembrie 2025",
      "sentDate": "2025-11-07",
      "sends": 67134,
      "opens": 16256,
      "clicks": 128,
      "openRate": 24.2,
      "clickRate": 0.2,
      "revenue": 2163.87,
      "rpe": 0.03,
      "performanceRating": "acceptable"
    },
    {
      "id": "01K9C8EDW5FPZBN0W8JY7RKJXQ",
      "name": "difrnt. - Black Friday - 06 Noiembrie 2025",
      "sentDate": "2025-11-06",
      "sends": 67296,
      "opens": 16739,
      "clicks": 152,
      "openRate": 24.9,
      "clickRate": 0.2,
      "revenue": 182.0,
      "rpe": 0.0,
      "performanceRating": "acceptable"
    },
    {
      "id": "01K97MYH01KANQYCT5V8XA2RKH",
      "name": "difrnt. - Black Friday - 05 Noiembrie 2025",
      "sentDate": "2025-11-05",
      "sends": 67399,
      "opens": 16363,
      "clicks": 108,
      "openRate": 24.3,
      "clickRate": 0.2,
      "revenue": 830.0,
      "rpe": 0.01,
      "performanceRating": "acceptable"
    },
    {
      "id": "01K96Z0EESYEJY3XY1S8MT8SC2",
      "name": "difrnt. - Black Friday - 04 Noiembrie 2025",
      "sentDate": "2025-11-04",
      "sends": 67539,
      "opens": 17184,
      "clicks": 96,
      "openRate": 25.4,
      "clickRate": 0.1,
      "revenue": 560.45,
      "rpe": 0.01,
      "performanceRating": "acceptable"
    },
    {
      "id": "01K94B8NEVX053P4PCGY78G6H5",
      "name": "difrnt. - Black Friday - 03 Noiembrie 2025",
      "sentDate": "2025-11-03",
      "sends": 67657,
      "opens": 17297,
      "clicks": 180,
      "openRate": 25.6,
      "clickRate": 0.3,
      "revenue": 1405.8,
      "rpe": 0.02,
      "performanceRating": "acceptable"
    },
    {
      "id": "01K8WTJVXT0RM7XWCNJ74CPE23",
      "name": "difrnt. - Black Friday - 02 Noiembrie 2025",
      "sentDate": "2025-11-02",
      "sends": 67804,
      "opens": 16320,
      "clicks": 159,
      "openRate": 24.1,
      "clickRate": 0.2,
      "revenue": 5524.45,
      "rpe": 0.08,
      "performanceRating": "acceptable"
    },
    {
      "id": "01K8WPP2YEMMPQB6JMVEPPV23B",
      "name": "difrnt. - Black Friday - 01 Noiembrie 2025",
      "sentDate": "2025-11-01",
      "sends": 67947,
      "opens": 16630,
      "clicks": 157,
      "openRate": 24.5,
      "clickRate": 0.2,
      "revenue": 0.0,
      "rpe": 0.0,
      "performanceRating": "acceptable"
    },
    {
      "id": "01K8TQNSYH064NZT44F775E6NA",
      "name": "difrnt. - Black Friday - 31 Octombrie 2025",
      "sentDate": "2025-10-31",
      "sends": 68033,
      "opens": 17001,
      "clicks": 298,
      "openRate": 25.0,
      "clickRate": 0.4,
      "revenue": 2302.15,
      "rpe": 0.03,
      "performanceRating": "acceptable"
    },
    {
      "id": "01K8R2MN5ZJ41DSZZHS8082V2F",
      "name": "difrnt. - Teaser Black Friday - 30 Octombrie 2025",
      "sentDate": "2025-10-30",
      "sends": 68150,
      "opens": 17003,
      "clicks": 368,
      "openRate": 24.9,
      "clickRate": 0.5,
      "revenue": 1228.0,
      "rpe": 0.02,
      "performanceRating": "acceptable"
    },
    {
      "id": "01K85H15RAPY8HWNCCK0DTD3BZ",
      "name": "difrnt. -  S캒pt캒m칙na femeii Reminder - Octombrie 2025",
      "sentDate": "2025-10-22",
      "sends": 68275,
      "opens": 17592,
      "clicks": 135,
      "openRate": 25.8,
      "clickRate": 0.2,
      "revenue": 1517.95,
      "rpe": 0.02,
      "performanceRating": "acceptable"
    },
    {
      "id": "01K80F747DXH6KZTSZJGNJ8MH5",
      "name": "difrnt. -  S캒pt캒m칙na femeii - Octombrie 2025",
      "sentDate": "2025-10-20",
      "sends": 68393,
      "opens": 17797,
      "clicks": 122,
      "openRate": 26.0,
      "clickRate": 0.2,
      "revenue": 345.0,
      "rpe": 0.01,
      "performanceRating": "acceptable"
    },
    {
      "id": "01K7S26HT035M78Y62DSFDYM4X",
      "name": "difrnt. -  Pachet Suplimente Esen탵iale - Octombrie 2025",
      "sentDate": "2025-10-17",
      "sends": 68508,
      "opens": 17834,
      "clicks": 267,
      "openRate": 26.0,
      "clickRate": 0.4,
      "revenue": 378.85,
      "rpe": 0.01,
      "performanceRating": "acceptable"
    },
    {
      "id": "01K7P575SYBQBK9K6S0RAPY44S",
      "name": "difrnt. -  S캒pt캒m칙na longevit캒탵ii Reminder - Octombrie 2025",
      "sentDate": "2025-10-16",
      "sends": 68715,
      "opens": 18163,
      "clicks": 194,
      "openRate": 26.4,
      "clickRate": 0.3,
      "revenue": 1841.2,
      "rpe": 0.03,
      "performanceRating": "acceptable"
    },
    {
      "id": "01K7EAFJZYE0890EQJ37MVD37G",
      "name": "difrnt. -  S캒pt캒m칙na longevit캒탵ii - Octombrie 2025",
      "sentDate": "2025-10-13",
      "sends": 68870,
      "opens": 18333,
      "clicks": 252,
      "openRate": 26.6,
      "clickRate": 0.4,
      "revenue": 4450.96,
      "rpe": 0.06,
      "performanceRating": "acceptable"
    },
    {
      "id": "01K6ZEJN1ACP4BXRBKS4YWG0NB",
      "name": "difrnt. -  Voucher Wanderlust 100 RON - Octombrie 2025",
      "sentDate": "2025-10-07",
      "sends": 0,
      "opens": 0,
      "clicks": 0,
      "openRate": 0,
      "clickRate": 0,
      "revenue": 0.0,
      "rpe": 0,
      "performanceRating": "acceptable"
    },
    {
      "id": "01K6ZE67688M9J150Z0QQ9SGPM",
      "name": "difrnt. -  Voucher Wanderlust 50 RON - Octombrie 2025",
      "sentDate": "2025-10-07",
      "sends": 2,
      "opens": 4,
      "clicks": 0,
      "openRate": 200.0,
      "clickRate": 0.0,
      "revenue": 0.0,
      "rpe": 0.0,
      "performanceRating": "acceptable"
    },
    {
      "id": "01K6ZDR307ZWXNEWWH7T7EC4J1",
      "name": "difrnt. - Reducere Wanderlust 20% longevitate- Octombrie 2025",
      "sentDate": "2025-10-07",
      "sends": 5,
      "opens": 10,
      "clicks": 1,
      "openRate": 200.0,
      "clickRate": 20.0,
      "revenue": 0.0,
      "rpe": 0.0,
      "performanceRating": "acceptable"
    },
    {
      "id": "01K6ZDFYTN0JS4C1CHTEGWPEFB",
      "name": "difrnt. -  Cod Reducere Wanderlust 20% - Octombrie 2025",
      "sentDate": "2025-10-07",
      "sends": 1,
      "opens": 0,
      "clicks": 0,
      "openRate": 0.0,
      "clickRate": 0.0,
      "revenue": 0.0,
      "rpe": 0.0,
      "performanceRating": "acceptable"
    },
    {
      "id": "01K6Z382X1GN88FSJ8PAGA6GJR",
      "name": "difrnt. -  Cod Reducere Wanderlust 15% - Octombrie 2025",
      "sentDate": "2025-10-07",
      "sends": 2,
      "opens": 3,
      "clicks": 0,
      "openRate": 150.0,
      "clickRate": 0.0,
      "revenue": 0.0,
      "rpe": 0.0,
      "performanceRating": "acceptable"
    },
    {
      "id": "01K6WS5CDWXPJCZBX03MSX511D",
      "name": "difrnt. -  S캒pt캒m칙na s캒n캒t캒탵ii mintale - Octombrie 2025",
      "sentDate": "2025-10-06",
      "sends": 69025,
      "opens": 18408,
      "clicks": 246,
      "openRate": 26.7,
      "clickRate": 0.4,
      "revenue": 2436.3,
      "rpe": 0.04,
      "performanceRating": "acceptable"
    },
    {
      "id": "01K6CQ6QTRHKEC1V9634KTNYE0",
      "name": "difrnt. -  Mindful triathlon - Octombrie 2025",
      "sentDate": "2025-10-01",
      "sends": 69202,
      "opens": 17981,
      "clicks": 107,
      "openRate": 26.0,
      "clickRate": 0.2,
      "revenue": 485.75,
      "rpe": 0.01,
      "performanceRating": "acceptable"
    },
    {
      "id": "01K599CQ8263PNYM0PS55TA6TK",
      "name": "difrnt. - Reducere 20% - Au mai r캒mas 5 zile - Septembrie 2025",
      "sentDate": "2025-09-26",
      "sends": 69384,
      "opens": 17893,
      "clicks": 183,
      "openRate": 25.8,
      "clickRate": 0.3,
      "revenue": 2021.15,
      "rpe": 0.03,
      "performanceRating": "acceptable"
    },
    {
      "id": "01K5TWG3X2TQAE9VQCYGHA68P4",
      "name": "difrnt. - Lansare de produse - Septembrie 2025",
      "sentDate": "2025-09-24",
      "sends": 69533,
      "opens": 18847,
      "clicks": 571,
      "openRate": 27.1,
      "clickRate": 0.8,
      "revenue": 2985.45,
      "rpe": 0.04,
      "performanceRating": "acceptable"
    },
    {
      "id": "01K5BH874Q9AN7SRQ524TRRAW9",
      "name": "difrnt. - Afla mai multe despre NADH - Septembrie 2025",
      "sentDate": "2025-09-18",
      "sends": 69642,
      "opens": 18830,
      "clicks": 261,
      "openRate": 27.0,
      "clickRate": 0.4,
      "revenue": 2457.13,
      "rpe": 0.04,
      "performanceRating": "acceptable"
    },
    {
      "id": "01K4SCGMRKDV5Z5PHJ5XQQTX0G",
      "name": "difrnt. - Imunitate - Septembrie 2025",
      "sentDate": "2025-09-11",
      "sends": 69688,
      "opens": 17989,
      "clicks": 227,
      "openRate": 25.8,
      "clickRate": 0.3,
      "revenue": 1799.35,
      "rpe": 0.03,
      "performanceRating": "acceptable"
    },
    {
      "id": "01K4517HE1V56AYJZ660BYPRQH",
      "name": "difrnt. - NADH - Septembrie 2025",
      "sentDate": "2025-09-04",
      "sends": 19147,
      "opens": 10448,
      "clicks": 242,
      "openRate": 54.6,
      "clickRate": 1.3,
      "revenue": 1092.55,
      "rpe": 0.06,
      "performanceRating": "acceptable"
    },
    {
      "id": "01K42CETGNKDTYBAE4CRRC9CM4",
      "name": "Cod discount roat캒 event - cod 10% la pachetele de longevitate",
      "sentDate": "2025-09-01",
      "sends": 26,
      "opens": 23,
      "clicks": 1,
      "openRate": 88.5,
      "clickRate": 3.8,
      "revenue": 0.0,
      "rpe": 0.0,
      "performanceRating": "acceptable"
    },
    {
      "id": "01K42C3Y1FJSDCNCWC82TR3DB6",
      "name": "Cod discount roat캒 event - cod 10% pe 3 luni",
      "sentDate": "2025-09-01",
      "sends": 26,
      "opens": 19,
      "clicks": 5,
      "openRate": 73.1,
      "clickRate": 19.2,
      "revenue": 0.0,
      "rpe": 0.0,
      "performanceRating": "acceptable"
    },
    {
      "id": "01K3TRACDJGQ97TNMPN5JBK5HQ",
      "name": "Cod discount roat캒 event - cod20",
      "sentDate": "2025-09-01",
      "sends": 16,
      "opens": 13,
      "clicks": 0,
      "openRate": 81.2,
      "clickRate": 0.0,
      "revenue": 0.0,
      "rpe": 0.0,
      "performanceRating": "acceptable"
    },
    {
      "id": "01K3TP7XM6KV49R07XCWH6HQV2",
      "name": "Cod discount roat캒 event - cod15",
      "sentDate": "2025-09-01",
      "sends": 26,
      "opens": 17,
      "clicks": 0,
      "openRate": 65.4,
      "clickRate": 0.0,
      "revenue": 0.0,
      "rpe": 0.0,
      "performanceRating": "acceptable"
    },
    {
      "id": "01K3TR9B85EGM3V3PT17H54WGM",
      "name": "Cod discount roat캒 event - cod10",
      "sentDate": "2025-09-01",
      "sends": 45,
      "opens": 37,
      "clicks": 1,
      "openRate": 82.2,
      "clickRate": 2.2,
      "revenue": 0.0,
      "rpe": 0.0,
      "performanceRating": "acceptable"
    },
    {
      "id": "01K3TR76B5GX09EQR9SH126C0S",
      "name": "Cod discount roat캒 event - cod5",
      "sentDate": "2025-09-01",
      "sends": 45,
      "opens": 42,
      "clicks": 4,
      "openRate": 93.3,
      "clickRate": 8.9,
      "revenue": 0.0,
      "rpe": 0.0,
      "performanceRating": "acceptable"
    },
    {
      "id": "01K3K8D7TP8EXFFDVM4NZBMDVH",
      "name": "difrnt. - -20% la produsele de imunitate - August 2025",
      "sentDate": "2025-08-28",
      "sends": 69658,
      "opens": 18521,
      "clicks": 225,
      "openRate": 26.6,
      "clickRate": 0.3,
      "revenue": 1570.0,
      "rpe": 0.02,
      "performanceRating": "acceptable"
    },
    {
      "id": "01K33CM9GY0YZ78N4EYQ6TFM9H",
      "name": "difrnt. - Canal de WhatsApp - August 2025 (clone)",
      "sentDate": "2025-08-21",
      "sends": 69793,
      "opens": 20012,
      "clicks": 373,
      "openRate": 28.7,
      "clickRate": 0.5,
      "revenue": 5433.09,
      "rpe": 0.08,
      "performanceRating": "acceptable"
    },
    {
      "id": "01K2FTJ5RVSY4SGF6MSNP6DF3T",
      "name": "difrnt. - Protocolul lui Alex B캒lan - August 2025",
      "sentDate": "2025-08-14",
      "sends": 18465,
      "opens": 11543,
      "clicks": 166,
      "openRate": 62.5,
      "clickRate": 0.9,
      "revenue": 622.0,
      "rpe": 0.03,
      "performanceRating": "acceptable"
    },
    {
      "id": "01K220Z5FJA3V6YCHSBTS0TJNR",
      "name": "difrnt. - Newsletter 10% Reducere Pachet Stres- August 2025",
      "sentDate": "2025-08-07",
      "sends": 43922,
      "opens": 18162,
      "clicks": 233,
      "openRate": 41.4,
      "clickRate": 0.5,
      "revenue": 597.3,
      "rpe": 0.01,
      "performanceRating": "acceptable"
    },
    {
      "id": "01K1WHZHC7HASVPXH285R35B5Z",
      "name": "difrnt. - 7 zile gratuite - Auguts 2025",
      "sentDate": "2025-08-05",
      "sends": 199,
      "opens": 103,
      "clicks": 17,
      "openRate": 51.8,
      "clickRate": 8.5,
      "revenue": 0.0,
      "rpe": 0.0,
      "performanceRating": "acceptable"
    },
    {
      "id": "01K1D53HMC8G95X1XC3VQ5W05Q",
      "name": "difrnt. - Newsletter 15 zile de NADH gratuit- Iulie 2025",
      "sentDate": "2025-07-31",
      "sends": 44031,
      "opens": 18468,
      "clicks": 382,
      "openRate": 41.9,
      "clickRate": 0.9,
      "revenue": 6956.8,
      "rpe": 0.16,
      "performanceRating": "acceptable"
    },
    {
      "id": "01K0VJGRYWQ14JDY6HS6RMCGJC",
      "name": "difrnt. -Newsletter Longevitate- Iulie 2025",
      "sentDate": "2025-07-24",
      "sends": 44069,
      "opens": 18374,
      "clicks": 347,
      "openRate": 41.7,
      "clickRate": 0.8,
      "revenue": 1341.0,
      "rpe": 0.03,
      "performanceRating": "acceptable"
    },
    {
      "id": "01K0475BVGKFPQM6RX3VMF6VSY",
      "name": "Newsletter Saptamana 3 - Iulie 2025 (Reminder - Promo abonamente longevitate) (clone)",
      "sentDate": "2025-07-15",
      "sends": 61777,
      "opens": 16974,
      "clicks": 113,
      "openRate": 27.5,
      "clickRate": 0.2,
      "revenue": 530.0,
      "rpe": 0.01,
      "performanceRating": "acceptable"
    },
    {
      "id": "01JZJGK33QJKP7ZG8X5QEM7E2G",
      "name": "Newsletter Saptamana 2 - Iunie 2025 (Promo abonamente longevitate)",
      "sentDate": "2025-07-09",
      "sends": 69077,
      "opens": 18446,
      "clicks": 239,
      "openRate": 26.7,
      "clickRate": 0.3,
      "revenue": 2724.24,
      "rpe": 0.04,
      "performanceRating": "acceptable"
    },
    {
      "id": "01JZ52CM2FFVBVGBKE2ST9G104",
      "name": "Newsletter Saptamana 1 - Iulie 2025 -  Efecte Longevitate",
      "sentDate": "2025-07-03",
      "sends": 43573,
      "opens": 17276,
      "clicks": 231,
      "openRate": 39.6,
      "clickRate": 0.5,
      "revenue": 3331.8,
      "rpe": 0.08,
      "performanceRating": "acceptable"
    },
    {
      "id": "01JYNSFFQHG0W2X4C9XES43J0F",
      "name": "Newsletter Saptamana 4 - Iunie 2025 -  pachete + produse longevitate",
      "sentDate": "2025-06-27",
      "sends": 13181,
      "opens": 8038,
      "clicks": 330,
      "openRate": 61.0,
      "clickRate": 2.5,
      "revenue": 3562.35,
      "rpe": 0.27,
      "performanceRating": "acceptable"
    },
    {
      "id": "01JXYC68CBH5STA41NPMV747A1",
      "name": "Newsletter Saptamana 4 - Iunie 2025 -  cadou la pachete Sport",
      "sentDate": "2025-06-23",
      "sends": 7098,
      "opens": 2248,
      "clicks": 64,
      "openRate": 31.7,
      "clickRate": 0.9,
      "revenue": 443.06,
      "rpe": 0.06,
      "performanceRating": "acceptable"
    },
    {
      "id": "01JXMJBM04HGX1K76GJH62736W",
      "name": "Newsletter Saptamana 3 - Iunie 2025 -  reminder 10% abonamente (clone)",
      "sentDate": "2025-06-16",
      "sends": 59650,
      "opens": 15916,
      "clicks": 130,
      "openRate": 26.7,
      "clickRate": 0.2,
      "revenue": 504.85,
      "rpe": 0.01,
      "performanceRating": "acceptable"
    },
    {
      "id": "01JXCS64ZQ5CZTBNX9SJ9SEXE2",
      "name": "Newsletter Saptamana 2 - Iunie 2025 - 10% abonamente",
      "sentDate": "2025-06-11",
      "sends": 59574,
      "opens": 16755,
      "clicks": 143,
      "openRate": 28.1,
      "clickRate": 0.2,
      "revenue": 474.2,
      "rpe": 0.01,
      "performanceRating": "acceptable"
    },
    {
      "id": "01JWTJEGHMJG4810E4XRGK0SNJ",
      "name": "Newsletter Saptamana 1 - Iunie 2025 (Summer Body - Reminder)",
      "sentDate": "2025-06-07",
      "sends": 7149,
      "opens": 3086,
      "clicks": 100,
      "openRate": 43.2,
      "clickRate": 1.4,
      "revenue": 2054.4,
      "rpe": 0.29,
      "performanceRating": "acceptable"
    },
    {
      "id": "01JWGSDBP9X0YQZMYC41RACCBS",
      "name": "Newsletter Saptamana 1 - Iunie 2025 (Summer Body)",
      "sentDate": "2025-06-03",
      "sends": 7167,
      "opens": 2884,
      "clicks": 78,
      "openRate": 40.2,
      "clickRate": 1.1,
      "revenue": 1857.19,
      "rpe": 0.26,
      "performanceRating": "acceptable"
    },
    {
      "id": "01JVPN0RYCGS9DYMHAMD76DQXX",
      "name": "Newsletter Saptamana 5 - Mai 2025 (Alergii)",
      "sentDate": "2025-05-30",
      "sends": 66943,
      "opens": 18843,
      "clicks": 241,
      "openRate": 28.1,
      "clickRate": 0.4,
      "revenue": 196.0,
      "rpe": 0.0,
      "performanceRating": "acceptable"
    },
    {
      "id": "01JVS8ENBEMZV1R7F3WH9KTPZ2",
      "name": "Newsletter Saptamana 4 - Mai 2025 (Reminder Promo Sport)",
      "sentDate": "2025-05-22",
      "sends": 7119,
      "opens": 3083,
      "clicks": 152,
      "openRate": 43.3,
      "clickRate": 2.1,
      "revenue": 4300.21,
      "rpe": 0.6,
      "performanceRating": "good"
    },
    {
      "id": "01JV4HPRN1GX07P1ZRSFS04VK0",
      "name": "Newsletter Saptamana 3 - Mai 2025 (Sport)",
      "sentDate": "2025-05-14",
      "sends": 7100,
      "opens": 2150,
      "clicks": 44,
      "openRate": 30.3,
      "clickRate": 0.6,
      "revenue": 752.7,
      "rpe": 0.11,
      "performanceRating": "acceptable"
    },
    {
      "id": "01JTQMNSATFTRZBDFQ0DMPNYNG",
      "name": "Newsletter Saptamana 2 - Mai 2025 (Somn)",
      "sentDate": "2025-05-09",
      "sends": 8926,
      "opens": 5516,
      "clicks": 74,
      "openRate": 61.8,
      "clickRate": 0.8,
      "revenue": 0.0,
      "rpe": 0.0,
      "performanceRating": "acceptable"
    },
    {
      "id": "01JSHFQVJ4V09GXGK4E6ME6YJN",
      "name": "Newsletter Saptamana 1 - Mai 2025",
      "sentDate": "2025-05-02",
      "sends": 63609,
      "opens": 17926,
      "clicks": 254,
      "openRate": 28.2,
      "clickRate": 0.4,
      "revenue": 532.5,
      "rpe": 0.01,
      "performanceRating": "acceptable"
    },
    {
      "id": "01JS1GQP3XW05AG0X8PSEJPE3K",
      "name": "Newsletter Saptamana 4 - Aprilie 2025 (Cod DETOX20)",
      "sentDate": "2025-04-22",
      "sends": 63425,
      "opens": 18225,
      "clicks": 296,
      "openRate": 28.7,
      "clickRate": 0.5,
      "revenue": 261.8,
      "rpe": 0.0,
      "performanceRating": "acceptable"
    },
    {
      "id": "01JRW90AFSDX0M51NB7J3Y8NWY",
      "name": "Newsletter Saptamana 3 - Aprilie 2025 (Pachet antistress)",
      "sentDate": "2025-04-15",
      "sends": 63979,
      "opens": 18469,
      "clicks": 202,
      "openRate": 28.9,
      "clickRate": 0.3,
      "revenue": 1505.35,
      "rpe": 0.02,
      "performanceRating": "acceptable"
    },
    {
      "id": "01JRFGBTF28XT55QH7EWPA5P2Y",
      "name": "(2)Newsletter Saptamana 2 - Aprilie 2025 (Pachet Par, Piele, Unghii ) (clone)",
      "sentDate": "2025-04-10",
      "sends": 30712,
      "opens": 8842,
      "clicks": 185,
      "openRate": 28.8,
      "clickRate": 0.6,
      "revenue": 802.75,
      "rpe": 0.03,
      "performanceRating": "acceptable"
    },
    {
      "id": "01JQXN92W24TXG7PS6G8ESADTC",
      "name": "Newsletter Saptamana 1 - Aprilie 2025 (Longevitate / NMN) (clone)",
      "sentDate": "2025-04-03",
      "sends": 5526,
      "opens": 2221,
      "clicks": 37,
      "openRate": 40.2,
      "clickRate": 0.7,
      "revenue": 2631.7,
      "rpe": 0.48,
      "performanceRating": "acceptable"
    },
    {
      "id": "01JQV7XZZY9A02NYNSZN8NJFHD",
      "name": "Newsletter Saptamana 1 - Aprilie 2025 (Longevitate / NMN)",
      "sentDate": "2025-04-03",
      "sends": 974,
      "opens": 637,
      "clicks": 35,
      "openRate": 65.4,
      "clickRate": 3.6,
      "revenue": 1305.0,
      "rpe": 1.34,
      "performanceRating": "good"
    },
    {
      "id": "01JQ6KSFJ0GEKW0YBBQZKQXYWA",
      "name": "Pachete Somn, Digestie, Detox",
      "sentDate": "2025-03-27",
      "sends": 11499,
      "opens": 3450,
      "clicks": 80,
      "openRate": 30.0,
      "clickRate": 0.7,
      "revenue": 681.5,
      "rpe": 0.06,
      "performanceRating": "acceptable"
    },
    {
      "id": "01JPMKR9J14YF3QJ5XTDMXGKA1",
      "name": "Primavara 2025",
      "sentDate": "2025-03-20",
      "sends": 5291,
      "opens": 2200,
      "clicks": 54,
      "openRate": 41.6,
      "clickRate": 1.0,
      "revenue": 1140.15,
      "rpe": 0.22,
      "performanceRating": "acceptable"
    },
    {
      "id": "01JN3QP49YPACHEYF16ZFFJ0P5",
      "name": "Reminder o ora inainte de webinar",
      "sentDate": "2025-02-27",
      "sends": 49,
      "opens": 50,
      "clicks": 19,
      "openRate": 102.0,
      "clickRate": 38.8,
      "revenue": 0.0,
      "rpe": 0.0,
      "performanceRating": "acceptable"
    },
    {
      "id": "01JN26YB3K908F3J9D87Z7XQEF",
      "name": "Reminder 7 ore 칥nainte webinar",
      "sentDate": "2025-02-27",
      "sends": 49,
      "opens": 39,
      "clicks": 4,
      "openRate": 79.6,
      "clickRate": 8.2,
      "revenue": 0.0,
      "rpe": 0.0,
      "performanceRating": "acceptable"
    },
    {
      "id": "01JN1F03YVH0YSSH1FG8ZSCYJS",
      "name": "Reminder o zi webinar",
      "sentDate": "2025-02-26",
      "sends": 50,
      "opens": 45,
      "clicks": 1,
      "openRate": 90.0,
      "clickRate": 2.0,
      "revenue": 0.0,
      "rpe": 0.0,
      "performanceRating": "acceptable"
    },
    {
      "id": "01JMQ7VNB5ZEK09R96711YWYZ7",
      "name": "22 Feb- Webinar, Once Customers & 0 orders",
      "sentDate": "2025-02-22",
      "sends": 21921,
      "opens": 7207,
      "clicks": 82,
      "openRate": 32.9,
      "clickRate": 0.4,
      "revenue": 1807.69,
      "rpe": 0.08,
      "performanceRating": "acceptable"
    },
    {
      "id": "01JMQ7SF9DXCJH9GJP9RGP9K9V",
      "name": "22 Feb - Webinar Clienti",
      "sentDate": "2025-02-22",
      "sends": 1455,
      "opens": 951,
      "clicks": 49,
      "openRate": 65.4,
      "clickRate": 3.4,
      "revenue": 1309.4,
      "rpe": 0.9,
      "performanceRating": "good"
    },
    {
      "id": "01JMMQRNDSX84MRTCAQBTF28HA",
      "name": "21 Feb - Pachet Somn",
      "sentDate": "2025-02-21",
      "sends": 12876,
      "opens": 4536,
      "clicks": 60,
      "openRate": 35.2,
      "clickRate": 0.5,
      "revenue": 122.0,
      "rpe": 0.01,
      "performanceRating": "acceptable"
    },
    {
      "id": "01JMM67PRZ2Q7H5XNWQVG8PRY0",
      "name": "Anun탵 Transport (clone)",
      "sentDate": "2025-02-21",
      "sends": 690,
      "opens": 587,
      "clicks": 0,
      "openRate": 85.1,
      "clickRate": 0.0,
      "revenue": 0.0,
      "rpe": 0.0,
      "performanceRating": "acceptable"
    },
    {
      "id": "01JMEJQP3ATYYVCZ3G4ZHJKC7P",
      "name": "Anun탵 Transport",
      "sentDate": "2025-02-19",
      "sends": 5,
      "opens": 3,
      "clicks": 0,
      "openRate": 60.0,
      "clickRate": 0.0,
      "revenue": 0.0,
      "rpe": 0.0,
      "performanceRating": "acceptable"
    },
    {
      "id": "01JMEJNTPCC1EX90YP2CKVZCD5",
      "name": "19 Feb - Once customers & 0 orders, magneziu gratuit",
      "sentDate": "2025-02-19",
      "sends": 21935,
      "opens": 6794,
      "clicks": 94,
      "openRate": 31.0,
      "clickRate": 0.4,
      "revenue": 447.5,
      "rpe": 0.02,
      "performanceRating": "acceptable"
    },
    {
      "id": "01JMEJE62D4M2PWX20XZNMG5ER",
      "name": "19 Feb - Customers - Pachet Grij캒 pt Inim캒",
      "sentDate": "2025-02-19",
      "sends": 1228,
      "opens": 728,
      "clicks": 47,
      "openRate": 59.3,
      "clickRate": 3.8,
      "revenue": 354.0,
      "rpe": 0.29,
      "performanceRating": "acceptable"
    },
    {
      "id": "01JM36MXYCYYNN68EKCNCYA1WP",
      "name": "15 Februarie - Reminder 20% Discount - once customers",
      "sentDate": "2025-02-15",
      "sends": 12,
      "opens": 3,
      "clicks": 1,
      "openRate": 25.0,
      "clickRate": 8.3,
      "revenue": 0.0,
      "rpe": 0.0,
      "performanceRating": "acceptable"
    },
    {
      "id": "01JM36J3D9T8ZN4RB84XDFQAKV",
      "name": "15 Februarie - Reminder 20% Discount - 0 orders",
      "sentDate": "2025-02-15",
      "sends": 1,
      "opens": 0,
      "clicks": 0,
      "openRate": 0.0,
      "clickRate": 0.0,
      "revenue": 0.0,
      "rpe": 0.0,
      "performanceRating": "acceptable"
    },
    {
      "id": "01JM30RF0SDNE5A14KG04GV10Q",
      "name": "14 Februarie - Reminder 20% Discount - once customers",
      "sentDate": "2025-02-14",
      "sends": 4901,
      "opens": 2309,
      "clicks": 94,
      "openRate": 47.1,
      "clickRate": 1.9,
      "revenue": 7032.17,
      "rpe": 1.43,
      "performanceRating": "good"
    },
    {
      "id": "01JM30NGJSJ0AK1ZWPA7SS7HJF",
      "name": "14 Februarie - Reminder 20% Discount",
      "sentDate": "2025-02-14",
      "sends": 17160,
      "opens": 5086,
      "clicks": 101,
      "openRate": 29.6,
      "clickRate": 0.6,
      "revenue": 1050.28,
      "rpe": 0.06,
      "performanceRating": "acceptable"
    },
    {
      "id": "01JKWDGWA9BV9H43B75XM5QJSS",
      "name": "12 Februarie - once customers",
      "sentDate": "2025-02-12",
      "sends": 4915,
      "opens": 2265,
      "clicks": 121,
      "openRate": 46.1,
      "clickRate": 2.5,
      "revenue": 3414.32,
      "rpe": 0.69,
      "performanceRating": "good"
    },
    {
      "id": "01JKWDE3P85GPH9ZRTVN7MD97J",
      "name": "12  Februarie - 0 orders",
      "sentDate": "2025-02-12",
      "sends": 17250,
      "opens": 4714,
      "clicks": 141,
      "openRate": 27.3,
      "clickRate": 0.8,
      "revenue": 408.96,
      "rpe": 0.02,
      "performanceRating": "acceptable"
    },
    {
      "id": "01JKEK2R743MDTZNP9R61AAPF8",
      "name": "7 Februarie - customers",
      "sentDate": "2025-02-07",
      "sends": 1087,
      "opens": 700,
      "clicks": 68,
      "openRate": 64.4,
      "clickRate": 6.3,
      "revenue": 215.8,
      "rpe": 0.2,
      "performanceRating": "acceptable"
    },
    {
      "id": "01JKET67NEQ4Z22HM1M91DEZ9G",
      "name": "7 Februarie - Once customers (clone)",
      "sentDate": "2025-02-07",
      "sends": 4895,
      "opens": 2273,
      "clicks": 73,
      "openRate": 46.4,
      "clickRate": 1.5,
      "revenue": 1212.59,
      "rpe": 0.25,
      "performanceRating": "acceptable"
    },
    {
      "id": "01JKET1R2XR83ZVQXJ69QEXV9H",
      "name": "7 Februarie - 0 orders (clone)",
      "sentDate": "2025-02-07",
      "sends": 17348,
      "opens": 5099,
      "clicks": 111,
      "openRate": 29.4,
      "clickRate": 0.6,
      "revenue": 187.15,
      "rpe": 0.01,
      "performanceRating": "acceptable"
    },
    {
      "id": "01JJW12YGE1SPBAPWYFPG4NEDS",
      "name": "Final de ianuarie - customers",
      "sentDate": "2025-01-30",
      "sends": 0,
      "opens": 0,
      "clicks": 0,
      "openRate": 0,
      "clickRate": 0,
      "revenue": 0.0,
      "rpe": 0,
      "performanceRating": "acceptable"
    },
    {
      "id": "01JJW0W6K8QNB5YAHN7S77YG3C",
      "name": "Final de ianuarie - Once customers",
      "sentDate": "2025-01-30",
      "sends": 0,
      "opens": 0,
      "clicks": 0,
      "openRate": 0,
      "clickRate": 0,
      "revenue": 0.0,
      "rpe": 0,
      "performanceRating": "acceptable"
    },
    {
      "id": "01JJVWSC038QRD090YAGCN9TPP",
      "name": "Final de Ianuarie - 0 orders",
      "sentDate": "2025-01-30",
      "sends": 0,
      "opens": 0,
      "clicks": 0,
      "openRate": 0,
      "clickRate": 0,
      "revenue": 0.0,
      "rpe": 0,
      "performanceRating": "acceptable"
    },
    {
      "id": "01JJ91S53E3D11CEBS2QTTK37P",
      "name": "Ashwagandha - customers",
      "sentDate": "2025-01-23",
      "sends": 0,
      "opens": 0,
      "clicks": 0,
      "openRate": 0,
      "clickRate": 0,
      "revenue": 0.0,
      "rpe": 0,
      "performanceRating": "acceptable"
    },
    {
      "id": "01JJ91NKZ954SKB6XQ4PENW82T",
      "name": "Ashwagandha - once customers",
      "sentDate": "2025-01-23",
      "sends": 0,
      "opens": 0,
      "clicks": 0,
      "openRate": 0,
      "clickRate": 0,
      "revenue": 0.0,
      "rpe": 0,
      "performanceRating": "acceptable"
    },
    {
      "id": "01JJ91GXBCX93PSD5J78VE11Q8",
      "name": "Ashwagandha 0 orders",
      "sentDate": "2025-01-23",
      "sends": 0,
      "opens": 0,
      "clicks": 0,
      "openRate": 0,
      "clickRate": 0,
      "revenue": 0.0,
      "rpe": 0,
      "performanceRating": "acceptable"
    },
    {
      "id": "01JHGFRD4EJYT8M68NK1ZA0DHN",
      "name": "Atomic Habits - customers",
      "sentDate": "2025-01-15",
      "sends": 0,
      "opens": 0,
      "clicks": 0,
      "openRate": 0,
      "clickRate": 0,
      "revenue": 0.0,
      "rpe": 0,
      "performanceRating": "acceptable"
    },
    {
      "id": "01JHGFMXA6493RMN1YY0WYS1YX",
      "name": "Atomic Habits - once customers",
      "sentDate": "2025-01-15",
      "sends": 0,
      "opens": 0,
      "clicks": 0,
      "openRate": 0,
      "clickRate": 0,
      "revenue": 0.0,
      "rpe": 0,
      "performanceRating": "acceptable"
    },
    {
      "id": "01JHGFGXDDSVSS6DYWBPQ65RMK",
      "name": "Atomic Habits - 0 orders",
      "sentDate": "2025-01-15",
      "sends": 0,
      "opens": 0,
      "clicks": 0,
      "openRate": 0,
      "clickRate": 0,
      "revenue": 0.0,
      "rpe": 0,
      "performanceRating": "acceptable"
    },
    {
      "id": "01JGY7QAD1CVA63KHTYCTDW1EP",
      "name": "W2 Pachet echilibru - customers",
      "sentDate": "2025-01-08",
      "sends": 0,
      "opens": 0,
      "clicks": 0,
      "openRate": 0,
      "clickRate": 0,
      "revenue": 0.0,
      "rpe": 0,
      "performanceRating": "acceptable"
    },
    {
      "id": "01JGY7H4A2HJ89VJHS4XZF60R2",
      "name": "w2 Pachet echilibru - once customers",
      "sentDate": "2025-01-08",
      "sends": 0,
      "opens": 0,
      "clicks": 0,
      "openRate": 0,
      "clickRate": 0,
      "revenue": 0.0,
      "rpe": 0,
      "performanceRating": "acceptable"
    },
    {
      "id": "01JGY7BKPNR006PABAWRWQGSSM",
      "name": "W2 Pachet echilibru - 0 orders",
      "sentDate": "2025-01-08",
      "sends": 0,
      "opens": 0,
      "clicks": 0,
      "openRate": 0,
      "clickRate": 0,
      "revenue": 0.0,
      "rpe": 0,
      "performanceRating": "acceptable"
    },
    {
      "id": "01JG64KBQN4KR83M79BZ16X0CP",
      "name": "Detox - customers",
      "sentDate": "2025-01-02",
      "sends": 0,
      "opens": 0,
      "clicks": 0,
      "openRate": 0,
      "clickRate": 0,
      "revenue": 0.0,
      "rpe": 0,
      "performanceRating": "acceptable"
    },
    {
      "id": "01JG64G81NM67B9X2ZZ8H2SV34",
      "name": "Detox - once customers",
      "sentDate": "2025-01-02",
      "sends": 0,
      "opens": 0,
      "clicks": 0,
      "openRate": 0,
      "clickRate": 0,
      "revenue": 0.0,
      "rpe": 0,
      "performanceRating": "acceptable"
    },
    {
      "id": "01JG649RNEZNBM0Q0C614E3S1T",
      "name": "Detox - 0 orders",
      "sentDate": "2025-01-02",
      "sends": 0,
      "opens": 0,
      "clicks": 0,
      "openRate": 0,
      "clickRate": 0,
      "revenue": 0.0,
      "rpe": 0,
      "performanceRating": "acceptable"
    }
  ]
}